@book{kenski2007educaccao,
  title={Educa{\c{c}}{\~a}o e tecnologias},
  author={Kenski, Vani Moreira},
  year={2007},
  publisher={Papirus editora}
}

@article{martins2010gestao,
	title={Gest{\~a}o Educacional: uma abordagem cr{\'\i}tica do processo administrativo em educa{\c{c}}{\~a}o},
	author={Martins, Jos{\'e} do Prado},
	journal={Rio de janeiro: Wak},
	year={2010}
}

@article{noeth2004evaluating,
	title={Evaluating the Effectiveness of Technology in Our Schools. ACT Policy Report.},
	author={Noeth, Richard J and Volkov, Boris B},
	journal={American College Testing ACT Inc},
	year={2004},
	publisher={ERIC}
}

@misc{david2008padroes,
	title={Padr{\~o}es de Compet{\^e}ncia em TIC para Professores. Diretrizes de implementa{\c{c}}{\~a}o. Vers{\~a}o 1.0},
	author={David, CB},
	year={2008},
	publisher={Paris: UNESCO}
}

@book{libaneoorganizacao,
	title={Organiza{\c{c}}ao E Gestao Da Escola: TEORIA E PRATICA},
	author={Libaneo, J.C.},
	isbn={9788567281001},
	url={https://books.google.com.br/books?id=NydPvgAACAAJ},
	publisher={HECCUS EDITORA},
	year={2007}
}

@article{peyrott2016jwt,
	title={The JWT Handbook},
	author={Peyrott, E},
	journal={Seattle, WA, United states},
	year={2016}
}

@techreport{jones2015json,
	title={Json web token (jwt)},
	author={Jones, Michael and Bradley, John and Sakimura, Nat},
	year={2015}
}

@article{rahmatulloh2018,
	author = {Rahmatulloh, Alam and Sulastri, Heni and Nugroho, Rizal},
	year = {2018},
	month = {06},
	pages = {},
	title = {Keamanan RESTful Web Service Menggunakan JSON Web Token (JWT) HMAC SHA-512},
	volume = {7},
	booktitle = {Jurnal Nasional Teknik Elektro dan Teknologi Informasi (JNTETI)}
}

@book{puder2011distributed,
	title={Distributed systems architecture: a middleware approach},
	author={Puder, Arno and R{\"o}mer, Kay and Pilhofer, Frank},
	year={2011},
	publisher={Elsevier}
}

@book{tanenbaum2007distributed,
	title={Distributed systems: principles and paradigms},
	author={Tanenbaum, Andrew S and Van Steen, Maarten},
	year={2007},
	publisher={Prentice-Hall}
}

@book{coulouris2005distributed,
	title={Distributed systems: concepts and design},
	author={Coulouris, George F and Dollimore, Jean and Kindberg, Tim},
	year={2005},
	publisher={pearson education}
}

@unknown{fielding2000,

	author = {T. Fielding, Roy},

	year = {2000},

	month = {01},

	pages = {},

	title = {Architectural Styles and the Design of Network-based Software Architectures}

}

@book{richardson2008restful,
	title={RESTful web services},
	author={Richardson, Leonard and Ruby, Sam},
	year={2008},
	publisher={" O'Reilly Media, Inc."}
}

@article{hamad2010,
	author = {Hamad, Hatem and Saad, Motaz and Abed, Ramzi},
	year = {2010},
	month = {01},
	pages = {},
	title = {Performance Evaluation of RESTful Web Services for Mobile Devices},
	volume = {1},
	booktitle = {International Arab Journal of e-Technology}
}

@inproceedings{dudhe2014performance,
	title={Performance analysis of soap and restful mobile web services in cloud environment},
	author={Dudhe, Anil and Sherekar, S},
	booktitle={dalam Second National Conference on Recent Trends in Information Security, Nagpur},
	year={2014}
}

@article{knutsen2018,
	author = {Knutsen, Johannes},
	year = {2018},
	month = {10},
	pages = {},
	title = {Web Service Clients on Mobile Android Devices A Study on Architectural Alternatives and Client Performance}
}

@article{wagh2014hybrid,
	title={Hybrid Framework for Effective Mobile Web Service Provisioning},
	author={Wagh, Kishor S and Thool, RC},
	year={2014}
}

@unknown{thu2015,
	author = {Thu, Eiei and Aung, Than},
	year = {2015},
	month = {08},
	pages = {},
	title = {Developing mobile application framework by using RESTFuL web service with JSON parser},
	volume = {388},
	year={2007}
}

@inproceedings{pautasso2008restful,
	title={Restful web services vs. big'web services: making the right architectural decision},
	author={Pautasso, Cesare and Zimmermann, Olaf and Leymann, Frank},
	booktitle={Proceedings of the 17th international conference on World Wide Web},
	pages={805--814},
	year={2008},
	organization={ACM}
}

@misc{jwt,
	author = {IETF},
	title = {JSON Web Token (JWT)},
	howpublished = {\url{https://tools.ietf.org/html/rfc7519}},
	note = {Acessado em: 02/09/2018},
	year={2015}
}

@article{dessen2007familia,
	title={A fam{\'\i}lia e a escola como contextos de desenvolvimento humano},
	author={Dessen, Maria Auxiliadora and da Costa Polonia, Ana},
	journal={Paid{\'e}ia},
	volume={17},
	number={36},
	year={2007},
	publisher={SciELO Brasil}
}

@article{silva2014novas,
	title={Novas tecnologias e educa{\c{c}}{\~a}o: a evolu{\c{c}}{\~a}o do processo de ensino e aprendizagem na sociedade contempor{\^a}nea},
	author={SILVA, Franco Renildo and CORREIA, Sena Emilce},
	journal={Educa{\c{c}}{\~a}o e Linguagem, ano},
	volume={1},
	pages={23--25},
	year={2014}
}

@inproceedings{silva2016uso,
	title={O uso da tecnologia da informa{\c{c}}{\~a}o e comunica{\c{c}}{\~a}o na educa{\c{c}}{\~a}o b{\'a}sica},
	author={Silva, Ta{\'\i}s Cristina and da Silva, Karol and Coelho, Marcos Antonio Pereira},
	booktitle={Anais do Encontro Virtual de Documenta{\c{c}}{\~a}o em Software Livre e Congresso Internacional de Linguagem e Tecnologia Online},
	volume={5},
	number={1},
	year={2016}
}

@inproceedings{qi2012research,
	title={Research on mobile cloud computing: Review, trend and perspectives},
	author={Qi, Han and Gani, Abdullah},
	booktitle={Digital Information and Communication Technology and it's Applications (DICTAP), 2012 Second International Conference on},
	pages={195--202},
	year={2012},
	organization={ieee}
}

@article{pereira2013social,
	title={Social software and educational technology: informal, formal and technical values},
	author={Pereira, Roberto and Baranauskas, M Cec{\'\i}lia C and da Silva, Sergio Roberto P},
	journal={Journal of Educational Technology \& Society},
	volume={16},
	number={1},
	pages={4},
	year={2013},
	publisher={JSTOR}
}

@article{karolcik2015comprehensive,
	title={The comprehensive evaluation of electronic learning tools and educational software (CEELTES).},
	author={Karolc{\'\i}k, {\v{S}}tefan and Cipkov{\'a}, Elena and Hru{\v{s}}eck{\`y}, Roman and Veselsk{\`y}, Milan},
	journal={Informatics in Education},
	volume={14},
	number={2},
	pages={243--264},
	year={2015},
	publisher={Vilnius University Institute of Mathematics and Informatics, Lithuanian Academy of Sciences. Akademjos str. 4, Vilnius LT 08663 Lithuania}
}