@book{kenski2007educaccao,
  title={Educa{\c{c}}{\~a}o e tecnologias},
  author={Kenski, Vani Moreira},
  year={2007},
  publisher={Papirus editora}
}

@article{martins2010gestao,
	title={Gest{\~a}o Educacional: uma abordagem cr{\'\i}tica do processo administrativo em educa{\c{c}}{\~a}o},
	author={Martins, Jos{\'e} do Prado},
	journal={Rio de janeiro: Wak},
	year={2010}
}

@article{noeth2004evaluating,
	title={Evaluating the Effectiveness of Technology in Our Schools. ACT Policy Report.},
	author={Noeth, Richard J and Volkov, Boris B},
	journal={American College Testing ACT Inc},
	year={2004},
	publisher={ERIC}
}

@misc{david2008padroes,
	title={Padr{\~o}es de Compet{\^e}ncia em TIC para Professores. Diretrizes de implementa{\c{c}}{\~a}o. Vers{\~a}o 1.0},
	author={David, CB},
	year={2008},
	publisher={Paris: UNESCO}
}

@book{libaneoorganizacao,
	title={Organiza{\c{c}}ao E Gestao Da Escola: TEORIA E PRATICA},
	author={Libaneo, J.C.},
	isbn={9788567281001},
	url={https://books.google.com.br/books?id=NydPvgAACAAJ},
	publisher={HECCUS EDITORA},
	year={2007}
}

@article{peyrott2016jwt,
	title={The JWT Handbook},
	author={Peyrott, E},
	journal={Seattle, WA, United states},
	year={2016}
}

@techreport{jones2015json,
	title={Json web token (jwt)},
	author={Jones, Michael and Bradley, John and Sakimura, Nat},
	year={2015}
}

@article{rahmatulloh2018,
	author = {Rahmatulloh, Alam and Sulastri, Heni and Nugroho, Rizal},
	year = {2018},
	month = {06},
	pages = {},
	title = {Keamanan RESTful Web Service Menggunakan JSON Web Token (JWT) HMAC SHA-512},
	volume = {7},
	booktitle = {Jurnal Nasional Teknik Elektro dan Teknologi Informasi (JNTETI)}
}

@book{puder2011distributed,
	title={Distributed systems architecture: a middleware approach},
	author={Puder, Arno and R{\"o}mer, Kay and Pilhofer, Frank},
	year={2011},
	publisher={Elsevier}
}

@book{tanenbaum2007distributed,
	title={Distributed systems: principles and paradigms},
	author={Tanenbaum, Andrew S and Van Steen, Maarten},
	year={2007},
	publisher={Prentice-Hall}
}

@book{coulouris2005distributed,
	title={Distributed systems: concepts and design},
	author={Coulouris, George F and Dollimore, Jean and Kindberg, Tim},
	year={2005},
	publisher={pearson education}
}

@unknown{fielding2000,

	author = {T. Fielding, Roy},

	year = {2000},

	month = {01},

	pages = {},

	title = {Architectural Styles and the Design of Network-based Software Architectures}

}

@book{richardson2008restful,
	title={RESTful web services},
	author={Richardson, Leonard and Ruby, Sam},
	year={2008},
	publisher={" O'Reilly Media, Inc."}
}

@article{hamad2010,
	author = {Hamad, Hatem and Saad, Motaz and Abed, Ramzi},
	year = {2010},
	month = {01},
	pages = {},
	title = {Performance Evaluation of RESTful Web Services for Mobile Devices},
	volume = {1},
	booktitle = {International Arab Journal of e-Technology}
}

@inproceedings{dudhe2014performance,
	title={Performance analysis of soap and restful mobile web services in cloud environment},
	author={Dudhe, Anil and Sherekar, S},
	booktitle={dalam Second National Conference on Recent Trends in Information Security, Nagpur},
	year={2014}
}

@article{knutsen2018,
	author = {Knutsen, Johannes},
	year = {2018},
	month = {10},
	pages = {},
	title = {Web Service Clients on Mobile Android Devices A Study on Architectural Alternatives and Client Performance}
}

@article{wagh2014hybrid,
	title={Hybrid Framework for Effective Mobile Web Service Provisioning},
	author={Wagh, Kishor S and Thool, RC},
	year={2014}
}

@unknown{thu2015,
	author = {Thu, Eiei and Aung, Than},
	year = {2015},
	month = {08},
	pages = {},
	title = {Developing mobile application framework by using RESTFuL web service with JSON parser},
	volume = {388},
	year={2007}
}

@inproceedings{pautasso2008restful,
	title={Restful web services vs. big'web services: making the right architectural decision},
	author={Pautasso, Cesare and Zimmermann, Olaf and Leymann, Frank},
	booktitle={Proceedings of the 17th international conference on World Wide Web},
	pages={805--814},
	year={2008},
	organization={ACM}
}

@misc{jwt,
	author = {IETF},
	title = {JSON Web Token (JWT)},
	howpublished = {\url{https://tools.ietf.org/html/rfc7519}},
	note = {Acessado em: 02/09/2018},
	year={2015}
}

@misc{2015_singlelayer,
	author = {Sebastian Raschka},
	title = {Single-Layer Neural Networks and Gradient Descent},
	howpublished = {\url{https://sebastianraschka.com/Articles/2015_singlelayer_neurons.html}},
	note = {Acessado em: 20/05/2019},
	year={2015}
}

@misc{2014_supervised_learning,
	author = {Sebastian Raschka},
	title = {Predictive modeling, supervised machine learning, and pattern classification},
	howpublished = {\url{http://sebastianraschka.com/Articles/2014_intro_supervised_learning.html}},
	note = {Acessado em: 20/05/2019},
	year={2014}
}

@article{bradley2015json,
  title={JSON web token (JWT)},
  author={Bradley, John and Sakimura, Nat and Jones, Michael B},
  year={2015}
}

@article{dessen2007familia,
	title={A fam{\'\i}lia e a escola como contextos de desenvolvimento humano},
	author={Dessen, Maria Auxiliadora and da Costa Polonia, Ana},
	journal={Paid{\'e}ia},
	volume={17},
	number={36},
	year={2007},
	publisher={SciELO Brasil}
}

@article{silva2014novas,
	title={Novas tecnologias e educa{\c{c}}{\~a}o: a evolu{\c{c}}{\~a}o do processo de ensino e aprendizagem na sociedade contempor{\^a}nea},
	author={SILVA, Franco Renildo and CORREIA, Sena Emilce},
	journal={Educa{\c{c}}{\~a}o e Linguagem, ano},
	volume={1},
	pages={23--25},
	year={2014}
}

@inproceedings{silva2016uso,
	title={O uso da tecnologia da informa{\c{c}}{\~a}o e comunica{\c{c}}{\~a}o na educa{\c{c}}{\~a}o b{\'a}sica},
	author={Silva, Ta{\'\i}s Cristina and da Silva, Karol and Coelho, Marcos Antonio Pereira},
	booktitle={Anais do Encontro Virtual de Documenta{\c{c}}{\~a}o em Software Livre e Congresso Internacional de Linguagem e Tecnologia Online},
	volume={5},
	number={1},
	year={2016}
}

@inproceedings{qi2012research,
	title={Research on mobile cloud computing: Review, trend and perspectives},
	author={Qi, Han and Gani, Abdullah},
	booktitle={Digital Information and Communication Technology and it's Applications (DICTAP), 2012 Second International Conference on},
	pages={195--202},
	year={2012},
	organization={ieee}
}

@article{pereira2013social,
	title={Social software and educational technology: informal, formal and technical values},
	author={Pereira, Roberto and Baranauskas, M Cec{\'\i}lia C and da Silva, Sergio Roberto P},
	journal={Journal of Educational Technology \& Society},
	volume={16},
	number={1},
	pages={4},
	year={2013},
	publisher={JSTOR}
}

@article{karolcik2015comprehensive,
	title={The comprehensive evaluation of electronic learning tools and educational software (CEELTES).},
	author={Karolc{\'\i}k, {\v{S}}tefan and Cipkov{\'a}, Elena and Hru{\v{s}}eck{\`y}, Roman and Veselsk{\`y}, Milan},
	journal={Informatics in Education},
	volume={14},
	number={2},
	pages={243--264},
	year={2015},
	publisher={Vilnius University Institute of Mathematics and Informatics, Lithuanian Academy of Sciences. Akademjos str. 4, Vilnius LT 08663 Lithuania}
}

@book{haykin2009neural,
  title={Neural networks and learning machines},
  author={Haykin, Simon S and Haykin, Simon S and Haykin, Simon S and Elektroingenieur, Kanada and Haykin, Simon S},
  volume={3},
  year={2009},
  publisher={Pearson Upper Saddle River}
}

@book{hagan1996neural,
  title={Neural network design},
  author={Hagan, Martin T and Demuth, Howard B and Beale, Mark H and De Jes{\'u}s, Orlando},
  volume={20},
  year={1996},
  publisher={Pws Pub. Boston}
}

@book{haykin2007redes,
  title={Redes neurais: princ{\'\i}pios e pr{\'a}tica},
  author={Haykin, Simon},
  year={2007},
  publisher={Bookman Editora}
}

@article{janoky2018,
    author = {Viktor Jánoky, László and Levendovszky, J and Ekler, Péter},
    year = {2018},
    month = {09},
    pages = {155014771880153},
    title = {An analysis on the revoking mechanisms for JSON Web Tokens},
    volume = {14},
    journal = {International Journal of Distributed Sensor Networks},
    doi = {10.1177/1550147718801535}
}

@inproceedings{jones2011emerging,
  title={The emerging JSON-based identity protocol suite},
  author={Jones, Michael B},
  booktitle={W3C workshop on identity in the browser},
  pages={1--3},
  year={2011}
}

@article{montanheiro2017utilizaccao,
  title={Utiliza{\c{c}}{\~a}o de JSON Web Token na Autentica{\c{c}}{\~a}o de Usu{\'a}rios em APIs REST},
  author={Montanheiro, Lucas Souza and Carvalho, Ana Maria Martins and Rodrigues, Jackson Alves},
  journal={XIII Encontro Anual de Computa{\c{c}}{\~a}o. Anais do XIII Encontro Anual de Computa{\c{c}}{\~a}o EnAComp},
  pages={186--193},
  year={2017}
}

@article{thomas2019,
    author = {Rauber, Thomas},
    year = {2019},
    month = {05},
    pages = {},
    title = {Redes neurais artificiais}
}

@article{mcculloch1943logical,
  title={A logical calculus of the ideas immanent in nervous activity},
  author={McCulloch, Warren S and Pitts, Walter},
  journal={The bulletin of mathematical biophysics},
  volume={5},
  number={4},
  pages={115--133},
  year={1943},
  publisher={Springer}
}

@book{fausett1994fundamentals,
  title={Fundamentals of neural networks: architectures, algorithms, and applications},
  author={Fausett, Laurene V and others},
  volume={3},
  year={1994},
  publisher={prentice-Hall Englewood Cliffs}
}

@article{rosenblatt1958perceptron,
  title={The perceptron: a probabilistic model for information storage and organization in the brain.},
  author={Rosenblatt, Frank},
  journal={Psychological review},
  volume={65},
  number={6},
  pages={386},
  year={1958},
  publisher={American Psychological Association}
}

@article{marius2009,
author = {Marius, Popescu and E Balas, Valentina and Perescu-Popescu, Liliana and Mastorakis, Nikos},
year = {2009},
month = {07},
pages = {},
title = {Multilayer perceptron and neural networks},
volume = {8},
journal = {WSEAS Transactions on Circuits and Systems}
}

@article{von2005rede,
  title={Rede Neural de Kohonen e Aprendizado N{\~a}o-Supervisionado},
  author={Von Zuben, FJ},
  journal={Notas de Aula do Curso IA353, 1{\textordmasculine} semestre de},
  year={2005}
}

@article{becker1991,
author = {Becker, Suzanna},
year = {1991},
month = {01},
pages = {17-33},
title = {Unsupervised Learning Procedures for Neural Networks},
volume = {2},
journal = {Int. J. Neural Syst.},
doi = {10.1142/S0129065791000030}
}

@article{franciscato2008avaliaccao,
  title={Avalia{\c{c}}{\~a}o dos Ambientes Virtuais de Aprendizagem Moodle, TelEduc e Tidia-ae: um estudo comparativo},
  author={Franciscato, F{\'a}bio Teixeira and da Silva Ribeiro, Patric and Mozzaquatro, Patricia Mariotto and Medina, Roseclea Duarte},
  journal={RENOTE},
  volume={6},
  number={1},
  year={2008}
}

@book{tori2018educaccao,
  title={Educa{\c{c}}{\~a}o sem dist{\^a}ncia: as tecnologias interativas na redu{\c{c}}{\~a}o de dist{\^a}ncias em ensino e aprendizagem},
  author={Tori, Romero},
  volume={9},
  year={2018},
  publisher={Artesanato Educacional LTDA}
}

@article{sabbatini2005,
    author = {Sabbatini, Renato Marcos},
    year = {2005},
    month = {01},
    pages = {},
    title = {Ambiente de Ensino e Aprendizagem via Internet A Plataforma Moodle}
}

@inproceedings{legoinha2006moodle,
  title={O Moodle e as comunidades virtuais de aprendizagem},
  author={Legoinha, Paulo and Pais, Jo{\~a}o and Fernandes, Jo{\~a}o},
  year={2006},
  organization={VII Congresso Nacional de Geologia 2006. Sociedade Geol{\'o}gica de Portugal}
}

@mastersthesis{antunestecnologia,
  title={A tecnologia digital na integra{\c{c}}{\~a}o creche-fam{\'\i}lia},
  author={Antunes, Michele Cristina Fonseca},
  school={Universidade de S{\~a}o Paulo},
  year={2017}
}

@article{saboia2013uso,
  title={O uso dos dispositivos m{\'o}veis no processo de ensino e aprendizagem no meio virtual},
  author={Saboia, Juliana and Vargas, PL de and Viva, MA de A},
  journal={Revista Cesuca Virtual: conhecimento sem fronteiras},
  volume={1},
  number={1},
  pages={1--13},
  year={2013}
}

@article{medeiroseducaccao,
  title={EDUCA{\c{C}}{\~A}O E TECNOLOGIA: EXPLORANDO O UNIVERSO DAS PLATAFORMAS DIGITAIS E STARTUPS NA {\'A}REA DA EDUCA{\c{C}}{\~A}O},
  author={Medeiros, Matheus Ferreira and Medeiros, Alexsandro Melo},
  year={2018}
}

@misc{rupLes,
	author = {IFES-PDS-LES},
	title = {Processo de desenvolvimento de software da disciplina de laboratório de engenharia de software},
	howpublished = {\url{ftp://ftp.ci.ifes.edu.br/informatica/mesquita/LES/IFES-LES-Processo_01.zip}},
	note = {Acessado em: 12/10/2019},
	year={2019}
}